@inproceedings{rulkov2018neural,
  title={Нейронные сети в сфере интернет-маркетинга},
  author={Рульков, ВС},
  booktitle={Современные проблемы гуманитарных и естественных наук},
  pages={18--21},
  year={2018}
}

@article{bahmani2012scalable,
	title={Scalable k-means++},
	author={Bahmani, Bahman and Moseley, Benjamin and Vattani, Andrea and Kumar, Ravi and Vassilvitskii, Sergei},
	journal={arXiv preprint arXiv:1203.6402},
	year={2012}
}

@article{alhawarat2018revisiting,
	title={Revisiting K-means and topic modeling, a comparison study to cluster arabic documents},
	author={Alhawarat, Mohammad and Hegazi, M},
	journal={IEEE Access},
	volume={6},
	pages={42740--42749},
	year={2018},
	publisher={IEEE}
}

@article{zaripova2018recognition,
  title={Распознавание текстов с использованием нейронных сетей},
  author={Зарипова, Римма Солтановна and Кривоногова, Анастасия Евгеньевна},
  journal={Nova Um. Ru},
  number={11},
  pages={38},
  year={2018}
}

@article{claster_neural,
	title={Кластеризация документов с помощью нейронных сетей},
	author={Габдрахманова, НТ},
	journal={Речевые технологии},
	number={1},
	pages={45--53},
	year={2019},
	publisher={Общество с ограниченной ответственностью" Научно-исследовательский институт~…}
}

@article{Smirnova2018Biological,
  title={БИОЛОГИЧЕСКАЯ МОДЕЛЬ НЕЙРОНА КАК ОСНОВА НЕЙРОННОГО МОДЕЛИРОВАНИЯ},
  author={Смирнова, АА},
  journal={Аллея науки},
  volume={1},
  number={4},
  pages={311--317},
  year={2018},
  publisher={ИП Шелистов Денис Александрович (Издательский центр" Quantum")}
}

@misc{circle2002neuronal,
	title={Нейронные сети и нейрокомпьютеры},
	author={Круг, Петр Германович},
	year={2002}
}

@article{Sozykin2017review,
	title={Обзор методов обучения глубоких нейронных сетей},
	author={Созыкин, Андрей Владимирович},
	journal={Вестник Южно-Уральского государственного университета. Серия: Вычислительная математика и информатика},
	volume={6},
	number={3},
	year={2017},
	publisher={Федеральное государственное бюджетное образовательное учреждение высшего~…}
}

@misc{grafov,
	title={Искусственные нейронные сети и приложения},
	author={Гафаров, Фаиль Мубаракович and Галимянов, Анис Фуатович and others},
	year={2018}
}

@article{neuron,
	title={Искусственный нейрон//{\guillemotleft}},
	author={Никитин, АВ},
	journal={Академия Тринитаризма{\guillemotright}, М., Эл},
	number={77-6567},
	year={2015}
}

@article{obnarysenie,
	title={Обнаружение атак в локальных беспроводных сетях на основе интеллектуального анализа данных},
	author={Васильев, Владимир Иванович and Шарабыров, Илья Викторович},
	journal={Известия Южного федерального университета. Технические науки},
	number={2 (151)},
	year={2014},
	publisher={Федеральное государственное автономное образовательное учреждение высшего~…}
}

@article{primenenie,
	title={Применение метода дерева решений для решения задач классификации и прогнозирования},
	author={Мифтахова, Альфия Асхатовна},
	journal={Инфокоммуникационные технологии},
	volume={14},
	number={1},
	pages={64--70},
	year={2016},
	publisher={Федеральное государственное бюджетное образовательное учреждение высшего~…}
}

@article{metod,
	title={Метод опорных векторов},
	author={Лифшиц, Юрий},
	journal={URL: http://logic. pdmi. ras. ru/\~{} yura/internet/07ia. pdf},
	year={2015}
}

@article{du2010clustering,
	title={Clustering: A neural network approach},
	author={Du, K-L},
	journal={Neural networks},
	volume={23},
	number={1},
	pages={89--107},
	year={2010},
	publisher={Elsevier}
}

@inproceedings{galanov,
	title={Нейронные сети и нейронные технологии},
	author={Галанов, АЭ and Селюкова, ГП},
	booktitle={Актуальные вопросы науки и хозяйства: новые вызовы и решения},
	pages={399--405},
	year={2019}
}

@article{ershov2016,
	title={Анализ и классификация алгоритмов кластеризации},
	author={Ершов, КС and Романова, ТН},
	journal={Новые информационные технологии в автоматизированных системах},
	number={19},
	year={2016},
	publisher={Федеральное государственное автономное образовательное учреждение высшего~…}
}

@article{voronin2012problema,
	title={Проблема обучения нейронных сетей встречного распространения},
	author={Воронин, ИВ and Зияутдинов, ВС and Золотарева, ТА and Малыш, ВН},
	journal={Достижения вузовской науки},
	number={1},
	year={2012},
}

@article{pyatikop2011szatie,
	title={Сжатие изображений с помощью сети встречного распространения и двумерной карты Кохонена},
	author={Пятикоп, Елена Евгеньевна and Петрюк, АС},
	year={2011}
}

@article{gorba4enko2010seti,
	title={Сети и карты Кохонена},
	author={Горбаченко, ВИ},
	journal={Научноисследовательский центр самоорганизации и развития систем.--2010.--Режим доступа: http://gorbachenko. self-organization. ru},
	year={2010}
}

@article{egorov2011osobennosti,
	title={Особенности методов кластеризации данных},
	author={Егоров, Александр Вадимович and Куприянова, Наталия Игоревна},
	journal={Известия Южного федерального университета. Технические науки},
	volume={124},
	number={11},
	year={2011},
	publisher={Федеральное государственное автономное образовательное учреждение высшего~…}
}

@article{ettaouil2013architecture,
	title={Architecture optimization model for the multilayer perceptron and clustering.},
	author={Ettaouil, Mohamed and Lazaar, Mohamed and Ghanou, Youssef},
	journal={Journal of Theoretical \& Applied Information Technology},
	volume={47},
	number={1},
	year={2013}
}

@article{nizam2010kohonen,
	title={Kohonen neural network clustering for voltage control in power systems},
	author={Nizam, Muhammad},
	journal={Telkomnika},
	volume={8},
	number={2},
	pages={115},
	year={2010},
	publisher={Ahmad Dahlan University}
}

@article{mitrofanova2019obuchenie,
	title={Обучение перцептрона},
	author={Митрофанова, АС and Комлев, ГВ},
	journal={Тенденции развития науки и образования},
	number={49-12},
	pages={69--71},
	year={2019},
	publisher={Индивидуальный предприниматель Иванов Владислав Вячеславович}
}

@article{parsing,
	title={Парсинг данных сообщества {\guillemotleft}ВКонтакте{\guillemotright} с помощью Vk api},
	author={Вихляев, Дмитрий Романович and Глаголев, Владимир Александрович},
	journal={Постулат},
	number={10},
	year={2021}
}

@inproceedings{schieferdecker2009gaussian,
	title={Gaussian mixture reduction via clustering},
	author={Schieferdecker, Dennis and Huber, Marco F},
	booktitle={2009 12th international conference on information fusion},
	pages={1536--1543},
	year={2009},
	organization={IEEE}
}

@article{maugis2013adaptive,
	title={Adaptive density estimation for clustering with Gaussian mixtures},
	author={Maugis-Rabusseau, Cathy and Michel, Bertrand},
	journal={ESAIM: Probability and Statistics},
	volume={17},
	pages={698--724},
	year={2013},
	publisher={EDP Sciences}
}

@article{koh,
	title={Применение карт Кохонена для анализа основных социально-экономических показателей административных районов Ставропольского края},
	author={Мамаев, Иван Иванович and Сахнюк, Павел Анатольевич and Сахнюк, Татьяна Ивановна},
	journal={Russian Journal of Education and Psychology},
	number={12},
	year={2012},
	publisher={Общество с ограниченной ответственностью {\guillemotleft}Научно-инновационный центр{\guillemotright}}
}

@article{lineynie,
	title={Линейные классификаторы},
	author={Дмитриев, Егор Андреевич},
	year={2017}
}

@inproceedings{pars,
	title={Парсинг как источник получения данных для анализа},
	author={Мазур, Екатерина Витальевна and Бабешко, Владимир Николаевич},
	booktitle={Перспективное развитие науки, техники и технологий},
	pages={161--164},
	year={2019}
}

@article{sinaga2020unsupervised,
	title={Unsupervised K-means clustering algorithm},
	author={Sinaga, Kristina P and Yang, Miin-Shen},
	journal={IEEE access},
	volume={8},
	pages={80716--80727},
	year={2020},
	publisher={IEEE}
}